<record><leader>00000cas a22000007a 4500</leader><controlfield tag="001">9311628</controlfield><controlfield tag="008">830315d18201821inuwr ne      0   a0eng  </controlfield><datafield ind1=" " ind2=" " tag="010"><subfield code="a">sn 82016404 </subfield></datafield><datafield ind1=" " ind2=" " tag="040"><subfield code="a">DLC</subfield><subfield code="b">eng</subfield><subfield code="c">DLC</subfield><subfield code="d">NPX</subfield><subfield code="d">NPI</subfield><subfield code="d">DLC</subfield><subfield code="d">NVF</subfield><subfield code="d">OCL</subfield><subfield code="d">OCLCO</subfield><subfield code="d">OCLCF</subfield><subfield code="d">CUS</subfield><subfield code="d">HUL</subfield><subfield code="d">DLC</subfield></datafield><datafield ind1="0" ind2=" " tag="022"><subfield code="a">2574-9587</subfield><subfield code="2">1</subfield></datafield><datafield ind1=" " ind2=" " tag="042"><subfield code="a">msc</subfield><subfield code="a">nsdp</subfield></datafield><datafield ind1=" " ind2=" " tag="043"><subfield code="a">n-us-in</subfield></datafield><datafield ind1=" " ind2="4" tag="050"><subfield code="a">AN</subfield></datafield><datafield ind1="0" ind2="0" tag="050"><subfield code="a">Newspaper 7763</subfield></datafield><datafield ind1="1" ind2="0" tag="082"><subfield code="a">071.3</subfield><subfield code="2">23</subfield></datafield><datafield ind1=" " ind2="0" tag="222"><subfield code="a">Indiana centinel &amp; public advertiser</subfield></datafield><datafield ind1="0" ind2="0" tag="245"><subfield code="a">Indiana centinel &amp; public advertiser.</subfield></datafield><datafield ind1="1" ind2="3" tag="246"><subfield code="a">Indiana centinel and public advertiser</subfield></datafield><datafield ind1="1" ind2="3" tag="246"><subfield code="a">Indiana centinel</subfield></datafield><datafield ind1=" " ind2=" " tag="260"><subfield code="a">Vincennes, Ind. :</subfield><subfield code="b">N. Blackman,</subfield><subfield code="c">1820-1821.</subfield></datafield><datafield ind1=" " ind2=" " tag="300"><subfield code="a">volumes</subfield></datafield><datafield ind1=" " ind2=" " tag="310"><subfield code="a">Weekly</subfield></datafield><datafield ind1=" " ind2=" " tag="336"><subfield code="a">text</subfield><subfield code="b">txt</subfield><subfield code="2">rdacontent</subfield></datafield><datafield ind1=" " ind2=" " tag="337"><subfield code="a">unmediated</subfield><subfield code="b">n</subfield><subfield code="2">rdamedia</subfield></datafield><datafield ind1=" " ind2=" " tag="338"><subfield code="a">volume</subfield><subfield code="b">nc</subfield><subfield code="2">rdacarrier</subfield></datafield><datafield ind1="0" ind2=" " tag="362"><subfield code="a">Vol. 4, no. 1 (Apr. 15, 1820)-v. 5, no. 19 (Sept. 8, 1821).</subfield></datafield><datafield ind1=" " ind2=" " tag="500"><subfield code="a">Published as: Indiana centinel and public advertiser, Sept. 1, 1821-Sept. 8, 1821.</subfield></datafield><datafield ind1=" " ind2=" " tag="500"><subfield code="a">Published as: Indiana centinel, Aug. 19, Sept. 2, 1820; Feb. 3, 1821-Aug. 25, 1821.</subfield></datafield><datafield ind1=" " ind2=" " tag="500"><subfield code="a">Erroneous beginning date of 1817 recorded in Gregory, W.  Amer. newspapers.</subfield></datafield><datafield ind1=" " ind2="0" tag="651"><subfield code="a">Vincennes (Ind.)</subfield><subfield code="v">Newspapers.</subfield></datafield><datafield ind1=" " ind2="7" tag="651"><subfield code="a">Indiana</subfield><subfield code="z">Vincennes.</subfield><subfield code="2">fast</subfield><subfield code="0">(OCoLC)fst01211937</subfield></datafield><datafield ind1=" " ind2="7" tag="655"><subfield code="a">Newspapers.</subfield><subfield code="2">fast</subfield><subfield code="0">(OCoLC)fst01423814</subfield></datafield><datafield ind1=" " ind2=" " tag="752"><subfield code="a">United States</subfield><subfield code="b">Indiana</subfield><subfield code="c">Knox</subfield><subfield code="d">Vincennes.</subfield></datafield><datafield ind1="0" ind2="0" tag="780"><subfield code="t">Indiana centinel</subfield><subfield code="x">2572-2506</subfield><subfield code="w">(DLC)sn 84038234</subfield><subfield code="w">(OCoLC)11258778</subfield></datafield><datafield ind1="1" ind2=" " tag="029"><subfield code="a">AU@</subfield><subfield code="b">000025838790</subfield></datafield></record>